@inproceedings{zaharia2012resilient,
	title={Resilient distributed datasets: A Fault-Tolerant abstraction for In-Memory cluster computing},
	author={Zaharia, Matei and Chowdhury, Mosharaf and Das, Tathagata and Dave, Ankur and Ma, Justin and McCauly, Murphy and Franklin, Michael J and Shenker, Scott and Stoica, Ion},
	booktitle={9th USENIX Symposium on Networked Systems Design and Implementation (NSDI 12)},
	year={2012},
	keywords={moodle}
}

@inproceedings{zaharia2010spark,
	title={Spark: Cluster computing with working sets},
	author={Zaharia, Matei and Chowdhury, Mosharaf and Franklin, Michael J and Shenker, Scott and Stoica, Ion},
	booktitle={2nd USENIX Workshop on Hot Topics in Cloud Computing (HotCloud 10)},
	year={2010},
	keywords={moodle}
}

@book{chambers2018spark,
	title={Spark: The definitive guide: Big data processing made simple},
	author={Chambers, Bill and Zaharia, Matei},
	year={2018},
	publisher={O'Reilly Media},
	keywords={moodle}
}

@book{damji2020learning,
	title={Learning Spark},
	author={Damji, Jules S and Wenig, Brooke and Das, Tathagata and Lee, Denny},
	year={2020},
	publisher={O'Reilly Media},
	keywords={moodle}
}

@manual{sparkdoc,
	title={Spark Documentation},
	author={The Apache Foundation},
	url={https://spark.apache.org/docs/latest/index.html},
	urldate={2022-11-19}
}

@article{awan2016architectural,
	title={Architectural impact on performance of in-memory data analytics: Apache spark case study},
	author={Awan, Ahsan Javed and Brorsson, Mats and Vlassov, Vladimir and Ayguade, Eduard},
	journal={arXiv preprint arXiv:1604.08484},
	year={2016},
	month={04},
	doi={https://doi.org/10.48550/arXiv.1604.08484}
}

@article{ahmed2020comprehensive,
	title={A comprehensive performance analysis of Apache Hadoop and Apache Spark for large scale data sets using HiBench},
	author={Ahmed, Nasim and Barczak, Andre LC and Susnjak, Teo and Rashid, Mohammed A},
	journal={Journal of Big Data},
	volume={7},
	number={1},
	pages={1--18},
	year={2020},
	publisher={SpringerOpen},
	doi={https://doi.org/10.1186/s40537-020-00388-5}
}
